<record><leader>00000cas a2200000 a 4500</leader><controlfield tag="001">9086122</controlfield><controlfield tag="008">821227d18471865mdudr ne      0    0eng  </controlfield><datafield ind1=" " ind2=" " tag="010"><subfield code="a">sn 83009568 </subfield></datafield><datafield ind1=" " ind2=" " tag="040"><subfield code="a">DLC</subfield><subfield code="b">eng</subfield><subfield code="c">DLC</subfield><subfield code="d">NPU</subfield><subfield code="d">NPX</subfield><subfield code="d">NPY</subfield><subfield code="d">MFN</subfield><subfield code="d">MQN</subfield><subfield code="d">MFN</subfield><subfield code="d">YOX</subfield><subfield code="d">CNK</subfield><subfield code="d">DLC</subfield><subfield code="d">OCL</subfield><subfield code="d">CVF</subfield><subfield code="d">NVF</subfield><subfield code="d">KRTAS</subfield><subfield code="d">OCLCQ</subfield><subfield code="d">OCLCO</subfield><subfield code="d">OCLCF</subfield><subfield code="d">DLC</subfield></datafield><datafield ind1=" " ind2=" " tag="019"><subfield code="a">2328671</subfield></datafield><datafield ind1=" " ind2=" " tag="042"><subfield code="a">pcc</subfield></datafield><datafield ind1=" " ind2=" " tag="043"><subfield code="a">n-us-md</subfield></datafield><datafield ind1="0" ind2=" " tag="130"><subfield code="a">Baltimore clipper (Baltimore, Md. : 1847)</subfield></datafield><datafield ind1="1" ind2="4" tag="245"><subfield code="a">The Baltimore clipper.</subfield></datafield><datafield ind1="1" ind2="3" tag="246"><subfield code="a">Daily clipper</subfield></datafield><datafield ind1=" " ind2=" " tag="260"><subfield code="a">Baltimore, Md. :</subfield><subfield code="b">Bull &amp; Tuttle,</subfield><subfield code="c">1847-1865.</subfield></datafield><datafield ind1=" " ind2=" " tag="300"><subfield code="a">v.</subfield></datafield><datafield ind1=" " ind2=" " tag="310"><subfield code="a">Daily</subfield></datafield><datafield ind1="0" ind2=" " tag="362"><subfield code="a">Vol. 16, no. 1 (Jan. 1, 1847)-v. 51, no. 78 (Sept. 30, 1865).</subfield></datafield><datafield ind1=" " ind2=" " tag="580"><subfield code="a">Weekly eds.: Baltimore weekly clipper, 1847-&lt;1849&gt;, and: Weekly clipper (Baltimore, Md.), 1850-1865.</subfield></datafield><datafield ind1=" " ind2=" " tag="580"><subfield code="a">Monthly eds.: Bull &amp; Tuttle's new monthly Baltimore clipper and general advertiser; Monthly clipper.</subfield></datafield><datafield ind1=" " ind2="0" tag="651"><subfield code="a">Baltimore (Md.)</subfield><subfield code="v">Newspapers.</subfield></datafield><datafield ind1=" " ind2="7" tag="651"><subfield code="a">Maryland</subfield><subfield code="z">Baltimore.</subfield><subfield code="2">fast</subfield><subfield code="0">(OCoLC)fst01204292</subfield></datafield><datafield ind1=" " ind2="7" tag="655"><subfield code="a">Newspapers.</subfield><subfield code="2">fast</subfield><subfield code="0">(OCoLC)fst01423814</subfield></datafield><datafield ind1=" " ind2=" " tag="752"><subfield code="a">United States</subfield><subfield code="b">Maryland</subfield><subfield code="d">Baltimore.</subfield></datafield><datafield ind1="1" ind2=" " tag="775"><subfield code="t">Weekly clipper (Baltimore, Md.)</subfield><subfield code="w">(DLC)sn 83016046</subfield><subfield code="w">(OCoLC)9345234</subfield></datafield><datafield ind1="1" ind2=" " tag="775"><subfield code="t">Baltimore weekly clipper</subfield><subfield code="w">(DLC)sn 83016045</subfield><subfield code="w">(OCoLC)9345174</subfield></datafield><datafield ind1="1" ind2=" " tag="775"><subfield code="t">Bull &amp; Tuttle's new monthly Baltimore clipper and general advertiser</subfield><subfield code="w">(DLC)sn 85038288</subfield><subfield code="w">(OCoLC)12128275</subfield></datafield><datafield ind1="1" ind2=" " tag="775"><subfield code="t">Monthly clipper</subfield><subfield code="w">(DLC)sn 84038671</subfield><subfield code="w">(OCoLC)11432253</subfield></datafield><datafield ind1="0" ind2="0" tag="780"><subfield code="t">American Republican and Baltimore daily clipper</subfield><subfield code="x">2375-3390</subfield><subfield code="w">(DLC)sn 83009567</subfield><subfield code="w">(OCoLC)9086206</subfield></datafield><datafield ind1="0" ind2="0" tag="785"><subfield code="t">Baltimore daily commercial</subfield><subfield code="x">2378-0444</subfield><subfield code="w">(DLC)sn 83009569</subfield><subfield code="w">(OCoLC)9086011</subfield></datafield><datafield ind1=" " ind2=" " tag="938"><subfield code="a">Kirtas Technologies, Inc.</subfield><subfield code="b">KRTS</subfield><subfield code="n">736131</subfield></datafield></record>